@book{hasselblatt2003first,
  title={A first course in dynamics: with a panorama of recent developments},
  author={Hasselblatt, Boris and Katok, Anatole},
  year={2003},
  publisher={Cambridge University Press}
}


@article{lorenz1963deterministic,
  title={Deterministic nonperiodic flow},
  author={Lorenz, Edward N},
  journal={Journal of atmospheric sciences},
  volume={20},
  number={2},
  pages={130--141},
  year={1963}
}

@book{Goodfellow,
    title={Deep Learning},
    pages={380-381},
    author={Ian Goodfellow and Yoshua Bengio and Aaron Courville},
    publisher={MIT Press},
    note={\url{http://www.deeplearningbook.org}},
    year={2016},
}


@article{mikhaeil2022difficulty,
  title={On the difficulty of learning chaotic dynamics with RNNs},
  author={Mikhaeil, Jonas and Monfared, Zahra and Durstewitz, Daniel},
  journal={Advances in Neural Information Processing Systems},
  volume={35},
  pages={11297--11312},
  year={2022}
}

@article{koppe2019identifying,
  title={Identifying nonlinear dynamical systems via generative recurrent neural networks with applications to fMRI},
  author={Koppe, Georgia and Toutounji, Hazem and Kirsch, Peter and Lis, Stefanie and Durstewitz, Daniel},
  journal={PLoS computational biology},
  volume={15},
  number={8},
  pages={1-35},
  year={2019},
  publisher={Public Library of Science San Francisco, CA USA}
}

@article{wood2010statistical,
  title={Statistical inference for noisy nonlinear ecological dynamic systems},
  author={Wood, Simon N},
  journal={Nature},
  volume={466},
  number={7310},
  pages={1102--1104},
  year={2010},
  publisher={Nature Publishing Group UK London}
}

@software{jax2018github,
  author = {James Bradbury and Roy Frostig and Peter Hawkins and Matthew James Johnson and Chris Leary and Dougal Maclaurin and George Necula and Adam Paszke and Jake Vander{P}las and Skye Wanderman-{M}ilne and Qiao Zhang},
  title = {{JAX}: composable transformations of {P}ython+{N}um{P}y programs},
  url = {http://github.com/google/jax},
  version = {0.3.13},
  year = {2018},
}

@ARTICLE{Hochreiter97,
  author={Hochreiter, Sepp and Schmidhuber, JÃ¼rgen},
  journal={Neural Computation}, 
  title={Long Short-Term Memory}, 
  year={1997},
  volume={9},
  number={8},
  pages={1735-1780},
  doi={10.1162/neco.1997.9.8.1735}}

@misc{zhang2022, 
    author={Ke Zhang},
    title = {{The Lorenz system -An introduction to chaos}},
    url={https://www.math.toronto.edu/kzhang/teaching/courses/mat332-2022/_8-lorenz-system/#eid-311-124}
    } 


@incollection{abell2022chapter6,
  author = "Martha L. Abell and James P. Braselton",
  title = "Chapter 6 - Applications related to ordinary and partial differential equations",
  booktitle = "Mathematica by Example (Sixth Edition)",
  publisher = "Academic Press",
  year = 2022,
  editor = "Martha L. Abell and James P. Braselton",
  pages = "409-523",
  edition = "Sixth Edition",
  keywords = "Separable differential equation, linear differential equation, direction fields, Laplace transform methods, wave equation, nonlinear ordinary differential equation",
  abstract = "Chapter 6 discusses several of Mathematica's functions that relate to ordinary and partial differential equations. The examples used to illustrate the various commands are similar to examples routinely done in a one- or two-semester differential equations course. For more detailed discussions regarding Mathematica and differential equations, see references, such as Abell and Braselton's Differential Equations with Mathematica, [2].",
  doi = "https://doi.org/10.1016/B978-0-12-824163-9.00011-2",
  isbn = "978-0-12-824163-9",
  url = "https://www.sciencedirect.com/science/article/pii/B9780128241639000112"
}
