@article{Karniadakis2021,
  author = {Karniadakis, George Em. and Kevrekidis, Ioannis G. and Lu, Lu and et al.},
  title = {Physics-informed machine learning},
  journal = {Nat Rev Phys},
  volume = {3},
  pages = {422--440},
  year = {2021},
  doi = {10.1038/s42254-021-00314-5},
  url = {https://doi.org/10.1038/s42254-021-00314-5},
}

